@misc{website:mvc,
      title        = "MVC",
      month        = "May",
      year         = "2013",
      howpublished = "\url{http://en.wikipedia.org/wiki/Model%E2%80%93view%E2%80%93controller}"
}

