@misc{website:barcodescanner,
      title        = "Barcode Scanner",
      month        = "April",
      year         = "2013",
      howpublished = "\url{http://en.wikipedia.org/wiki/Barcode_Scanner_(application)}"
}

@misc{website:barcodehowto,
      title        = "Barcode Scanner- how to",
      month        = "Mars",
      year         = "2009",
      howpublished = "\url{http://www.ski.org/Rehab/Coughlan_lab/General/Publications/barcodes-TekinCoughlan.pdf}"
}

@misc{website:androiddesign,
	  title		   = "Android Design Guidelines",
	  month		   = "June",
	  year		   = "2013",
	  howpublished = "\url{http://developer.android.com/design/index.html}"
}